<collection xmlns="http://www.loc.gov/MARC21/slim">
<record>
  <leader>00865nam0a22002171i 450 </leader>
  <controlfield tag="001">IT\ICCU\CNCE\077141</controlfield>
  <controlfield tag="005">20111215000000.0</controlfield>
  <datafield tag="012" ind1=" " ind2=" ">
    <subfield code="a">o.il en,e did&apos; hepe (C) 1559 (A)</subfield>
    <subfield code="2">fei</subfield>
  </datafield>
  <datafield tag="100" ind1=" " ind2=" ">
    <subfield code="a">20111215d1559        0itac0103    ba</subfield>
  </datafield>
  <datafield tag="101" ind1=" " ind2=" ">
    <subfield code="a">ITA</subfield>
  </datafield>
  <datafield tag="102" ind1=" " ind2=" ">
    <subfield code="a">IT</subfield>
  </datafield>
  <datafield tag="200" ind1="1" ind2=" ">
    <subfield code="a">Ordine et pompa del sponsalitio del re Filippo, con Isabella. Fatto in Parigi adi 21 di giugnio 1559</subfield>
  </datafield>
  <datafield tag="210" ind1=" " ind2=" ">
    <subfield code="e">Roma</subfield>
    <subfield code="g">ex officina Saluiana</subfield>
    <subfield code="h">1559</subfield>
  </datafield>
  <datafield tag="215" ind1=" " ind2=" ">
    <subfield code="a">\4! c.</subfield>
    <subfield code="d">4ʻ</subfield>
  </datafield>
  <datafield tag="620" ind1=" " ind2=" ">
    <subfield code="a">IT</subfield>
    <subfield code="d">Roma</subfield>
  </datafield>
  <datafield tag="712" ind1="0" ind2="0">
    <subfield code="a">Salviani, Ippolito</subfield>
    <subfield code="3">IT\ICCU\CNCT\000955</subfield>
    <subfield code="4">650</subfield>
  </datafield>
  <datafield tag="791" ind1="0" ind2="2">
    <subfield code="a">Officina Salviana</subfield>
    <subfield code="c"> &lt;Roma&gt;</subfield>
    <subfield code="3">IT\ICCU\CNCT\003025</subfield>
    <subfield code="z">Salviani, Ippolito</subfield>
  </datafield>
  <datafield tag="791" ind1="0" ind2="0">
    <subfield code="a">Salviano, Hippolito</subfield>
    <subfield code="3">IT\ICCU\CNCT\005544</subfield>
    <subfield code="z">Salviani, Ippolito</subfield>
  </datafield>
  <datafield tag="791" ind1="0" ind2="0">
    <subfield code="a">Salvianus, Hippolitus</subfield>
    <subfield code="3">IT\ICCU\CNCT\005545</subfield>
    <subfield code="z">Salviani, Ippolito</subfield>
  </datafield>
  <datafield tag="801" ind1=" " ind2="3">
    <subfield code="a">IT</subfield>
    <subfield code="b">ICCU</subfield>
    <subfield code="c">20201115</subfield>
  </datafield>
  <datafield tag="899" ind1=" " ind2=" ">
    <subfield code="a">Biblioteca comunale Passerini Landi. Piacenza</subfield>
    <subfield code="1">PC0030</subfield>
    <subfield code="2">PIA PL</subfield>
  </datafield>
</record>
</collection>
